<record><leader>00000cas a22000007a 4500</leader><controlfield tag="001">13499269</controlfield><controlfield tag="008">860426d18921898aluwr ne      0    0eng d</controlfield><datafield ind1=" " ind2=" " tag="010"><subfield code="a">sn 86050166 </subfield></datafield><datafield ind1=" " ind2=" " tag="040"><subfield code="a">CPN</subfield><subfield code="b">eng</subfield><subfield code="c">CPN</subfield><subfield code="d">OCLCQ</subfield></datafield><datafield ind1=" " ind2=" " tag="042"><subfield code="a">msc</subfield></datafield><datafield ind1="0" ind2="4" tag="245"><subfield code="a">The Reform advocate.</subfield></datafield><datafield ind1=" " ind2=" " tag="260"><subfield code="a">Wetumpka, Ala. :</subfield><subfield code="b">Reform Advocate Pub. Co.,</subfield><subfield code="c">1892-1898.</subfield></datafield><datafield ind1=" " ind2=" " tag="300"><subfield code="a">v. :</subfield><subfield code="b">ill. ;</subfield><subfield code="c">65 cm.</subfield></datafield><datafield ind1=" " ind2=" " tag="310"><subfield code="a">Weekly</subfield></datafield><datafield ind1="0" ind2=" " tag="362"><subfield code="a">Vol. 1, no. 1 (Sept. 29, 1892)-v. 6, no. 44 (Sept. 1, 1898).</subfield></datafield><datafield ind1=" " ind2=" " tag="500"><subfield code="a">Editors: Tyler Goodwyn, &lt;1892-1897&gt;; Albert G. Goodwyn, &lt;1897-1898&gt;.</subfield></datafield><datafield ind1=" " ind2=" " tag="752"><subfield code="a">United States</subfield><subfield code="b">Alabama</subfield><subfield code="c">Elmore</subfield><subfield code="d">Wetumpka.</subfield></datafield><datafield ind1="1" ind2=" " tag="029"><subfield code="a">AU@</subfield><subfield code="b">000025839652</subfield></datafield></record>